@book{test,
    Author = {John Martin},
    title = {Introduction to Languages and the Theory of Computation},
    description = {Introduction to Languages and the Theory of Computation (Book, 2020)},
    publisher = {Mcgraw Hill Higher Education},
    interhash = {6f2921a6959f87d14b27f9e96384e858},
    intrahash = {3a0021fc1e43450ba3aa5fc4790b8f7b},
    year = {2011},
    isbn = {0071289429},
}